@article{barrero2005sistema,
  title={Sistema de adquisici{\'o}n de datos por BUS USB},
  author={Barrero, Jaime P and Portilla, Jorge Eduardo Higuera},
  journal={ Computacion},
  volume={13},
  number={2},
  year={2005},
  publisher={Universidad del Valle}
  }

@article{aguilera2015modulo,
  title={M{\'o}dulo II. Arquitectura de la Computadora},
  author={Aguilera, Sergio},
  year={2015},
  publisher={C{\'a}tedras-Facultad de Ingenier{\'\i}a y Tecnolog{\'\i}a Inform{\'a}tica-Universidad de Belgrano}
}


